@misc{alpine,
  title        = {Alpine.js},
  howpublished = {\url{https://alpinejs.dev/}}
}


@misc{easa,
  title = {European Union Aviation Safety Agency (EASA)},
  url   = {https://www.easa.europa.eu/en}
}

@misc{easyjet,
  title = {EasyJet},
  url   = {https://www.easyjet.com/en}
}

@misc{eurowings,
  title = {Eurowings},
  url   = {https://www.eurowings.com/en.html}
}

@misc{iata,
  title = {IATA},
  url   = {https://www.iata.org/}
}

@misc{icao,
  title = {ICAO},
  url   = {https://www.icao.int/about-icao}
}

@misc{laravel,
  title        = {Laravel},
  howpublished = {\url{https://laravel.com/}}
}

@misc{livewire,
  title        = {Livewire},
  howpublished = {\url{https://livewire.laravel.com/}}
}
@misc{mysql,
  title        = {MySQL},
  howpublished = {\url{https://www.mysql.com/}}
}

@misc{php,
  title        = {PHP},
  howpublished = {\url{https://www.php.net/}}
}

@misc{phpmyadmin,
  title        = {PHPMyAdmin},
  howpublished = {\url{https://www.phpmyadmin.net/}}
}

@misc{ryanair,
  title        = {Ryanair},
  howpublished = {\url{https://www.ryanair.com/}}
}

@misc{tailwind,
  title        = {Tailwind CSS},
  howpublished = {\url{https://tailwindcss.com/}}
}

@misc{tall,
  title        = {TALL Stack},
  howpublished = {\url{https://tallstack.dev/}}
}

